
@misc{manual,
  title={MTE 111 - Laboratory Manual},
  author={Michael Mayer},
  institution={University of Waterloo},
  year={2017}
}

@book{circuits,
	title={Introduction to Electric Circuits},
	author={J. Svoboda},
	edition={6},
	publisher={University of California},
	year={2004}
}

@inbook{shackelford2005introduction,
  title={Introduction to materials science for engineers},
  author={Shackelford, James F and Muralidhara, Madanapalli K},
  year={2014},
  publisher={Pearson/Prentice Hall Upper Saddle River},
  edition={8},
  pages={335}
}

@misc{resistance,
  title={Resistance: Temperature Coefficient},
  author={R. Nave},
  url={http://hyperphysics.phy-astr.gsu.edu/hbase/electric/restmp.html},
  note={Accessed: 2017-07-17}
}

@software{ces,
  author = {Granta},
  title = {CES EduPack},
  url = {http://www.grantadesign.com/products/ces/},
  year = {2016},
  date = {2017-05-25},
}

@book{doebelin1990measurement,
  title={Measurement system: application and design},
  author={Doebelin, Ernest O},
  year={1990},
  publisher={McCraw-Hill},
  address={New York},
  edition={4}
}

@book{dixon1969introduction,
  title={Introduction to statistical analysis},
  author={Dixon, Wilfrid Joseph and Massey, Frank Jones and others},
  volume={344},
  year={1969},
  publisher={McGraw-Hill New York}
}

@misc{slides,
  author        = {Michael Mayer},
  title         = {Probabilistic Aspects},
  year          = {2017},
  publisher={University of Waterloo}
}